@ARTICLE{Konstantakos,
  AUTHOR = {Vasilios Konstantakos and Alexander Chatzigeorgiou and Spiridon Nikolaidis and Theodore Laopoulos},
  TITLE = {Energy Consumption Estimation in Embedded Systems},
  JOURNAL = {IEEE Transactions of Instrumentation and Measurement},
  VOLUME = {57},
  NUMBER = {4},
  YEAR = {2008},
  ISSN = {0018-9456},
  PAGES = {797},
}

@ARTICLE{Bellman,
  AUTHOR = {Richard Bellman},
  TITLE = {The theory of dynamic programming},
  JOURNAL = {Bulletin of the American Mathematical Society},
  VOLUME = {60},
  NUMBER = {6},
  YEAR = {1954},
  PAGES = {503-515},
}

@ARTICLE{Forney,
  AUTHOR = {Forney, G.D., Jr.},
  TITLE = {The {V}iterbi Algorithm},
  JOURNAL = {Proceedings of the IEEE},
  VOLUME = {61},
  NUMBER = {3},
  YEAR = {1973},
  PAGES = {268},
}

@ARTICLE{Tiwari,
  AUTHOR = {Vivek Tiwari and Sharad Malik and Andrew Wolfe},
  TITLE = {Power Analysis of Embedded Software: A First Step Towards Software Power Minimization},
  JOURNAL = {IEEE Transactions on Very Large Scale Integration (VLSI) Systems},
  VOLUME = {2},
  NUMBER = {4},
  YEAR = {1994},
  PAGES = {437},
}

@ARTICLE{Akyildiz,
  AUTHOR = {Ian Akyildiz and Dario Popili and Tommaso Melodia},
  TITLE = {Underwater acoustic sensor networks: research challenges},
  JOURNAL = {Ad Hoc Networks},
  VOLUME = {3},
  NUMBER = {3},
  YEAR = {2005},
  PAGES = {257},
}

@ARTICLE{Jung,
year={2010},
journal={Design Automation for Embedded Systems},
volume={14},
number={2},
title={Markov decision process (MDP) framework for software power optimization using call profiles on mobile phones},
author={Jung, Eric and Maker, Frank and Cheung, TangLung and Liu, Xin and Akella, Venkatesh},
pages={131-159},
}

@ARTICLE{KopetzTTA,
  AUTHOR = {Hermann Kopetz and Gunther Bauer},
  TITLE = {The time-triggered architecture},
  JOURNAL = {Proceedings of the IEEE},
  VOLUME = {91},
  NUMBER = {1},
  YEAR = {2003},
  PAGES = {113-126},
}

@INPROCEEDINGS{Albert,
  AUTHOR = {Amos Albert and Robert Bosch GmbH},
  TITLE = {Comparison of event-triggered and time-triggered concepts with regard to distributed control systems},
  BOOKTITLEL = {Embedded World Conf.},
  YEAR = {2004},
}

@INPROCEEDINGS{Ehrlich,
  AUTHOR = { Paul Ehrlich and Stephan Radke},
  TITLE = { Energy-aware software development for embedded systems in HW/SW co-design},
  BOOKTITLE = {2013 IEEE 16th Int. Symposium Design and Diagnostics of Electronic Circuits and Systems (DDECS)},
  YEAR = {2013},
  MONTH = {April},
}

@INPROCEEDINGS{Yamamoto,
  AUTHOR = {Kenji R. Yamamoto and Paul G. Flikkema},
  TITLE = {Prospector: Multiscale Energy Measurement of Networked Embedded Systems with Wideband Power Signals},
  BOOKTITLE = {International Conference on Computational Science and Engineering, 2009. (CSE '09)},
  YEAR = {2009},
  MONTH = {August},
}

@INPROCEEDINGS{Shin ,
  AUTHOR = {Youngsoo Shin and Kiyoung Choi and Takayasu Sakurai},
  TITLE = {Power optimizations of real-time embedded systems on variable speed processors},
 BOOKTITLE = { International Conference on Computer Aided Design},
  YEAR = {2000},
  MONTH = {November},
}

@INPROCEEDINGS{Rao,
  AUTHOR = {Venkat Rao and Gaurav Singhal and Anshul Kumar},
  TITLE = {Real time dynamic voltage scaling for embedded systems},
 BOOKTITLE = {Procedings 17th International Conference on VLSI Design (VLSID'04)},
  YEAR = {2004},
  MONTH = {November},
}

@INPROCEEDINGS{Voinescu,
  AUTHOR = {Andrei Voinescu and Serban Petrescu and Nicolae Tapus},
  TITLE = {Optimizing software energy usage using energy profiling},
 BOOKTITLE = {Roedunet International Conference},
  YEAR = {2013},
  MONTH = {January},
}

@INPROCEEDINGS{Dutta ,
  AUTHOR = { Prabal Dutta and Mark Feldmeier and Joseph Paradiso and David Culler},
  TITLE = { Energy metering for free: Augmenting switching regulators for real-time monitoring},
  BOOKTITLE = {IPSN '08: International Conference on Information Processing in Sensor Networks},
  YEAR = {2008},
}

@INPROCEEDINGS{Fonseca ,
  AUTHOR = { Rodrigo Fonseca and Prabal Dutta and Philip Levis and Ion Stoica},
  TITLE = {Quanto:Tracking energy in networked embedded systems},
  BOOKTITLE = {8th USENIX Symposium on Operating Systems Design and Implementation},
  YEAR = {2008},
}

@misc{PFMMeasurement,
title = {Performing accurate {PFM} mode efficiency measurements},
organization = {Texas Instruments},
month = {April},
year = {2006},
howpublished ={Application Note },
}


@MISC{LTC3104,
title = {{LTC}3104 A Quiescent Current, 15V, 300mA Synchronous Step-Down {DC}/{DC} Converter and 10mA {LDO}},
organization = {Linear Technology Corporation},
year = {2011},
howpublished ={Datasheet},
}

@MISC{ADF7020,
title = {{SDF}7020 {H}igh {P}erformance, {ISM} band, {FSK}/{ASK} Transceiver {IC}},
organization = {Analog Devices},
year = {2012},
howpublished ={Datasheet},
}

@mastersthesis{KRY,
author = {K. R. Yamamoto},
title = {Minimization of energy consumption in time triggered embedded systems with static schedules},
type = {{M}.{S}. thesis},
school = {Northern Arizona University},
address = {Flagstaff},
month	 = {May},	
year = {2011},
}

@MISC{STM32F101x8,
title = {{STM}32F101x8,{STM}32F101xB, {M}edium-density access line, {ARM}-based 32-bit {MCU} },
organization = {{STM}icroelectronics},
month = {August},
year = {2013},
howpublished ={Datasheet},
}

@MISC{INA219,
title = {{INA}219, {Z}ero-drift Bi-directional current/power monitor with I2C interface},
organization = {{T}exas {I}nstruments},
month = {September},
year = {2011},
howpublished ={Datasheet},
}

@MISC{MSP430F5438A,
title = {{MSP}430F5xx, {M}ixed {S}ignal {M}icrocontroller },
organization = {Texas Instruments},
month = {January},
year = {2013},
howpublished ={Datasheet},
}

@BOOK{ TimeTriggered,
author = {Micheal J. Pont}, 
title      = {Patterns for time-triggered embedded systems},
publisher = {Pearson Education Limited},
address = {London, England},
year = 2001
}

@BOOK{ Cormen,
author = {Thomas H. Cormen and Charles E. Leiserson and Ronald L. Rivest and Clifford Stein}, 
title      = {Introduction to Algorithms},
publisher = {The MIT Press},
address = {Cambridge},
year = 2009
}

@INBOOK{ RTSystems,
author = {Hermann Kopetz}, 
title      = {Real-Time Systems, Design Principles for Distributed Embedded Applications},
edition = {2},
address = {New York},
publisher = {Springer Science+Business Media},
year = {2011},
chapter = {1}
}

@BOOK{ Buttazzo,
author = {Giorgio C. Buttazzo}, 
title      = {Hard Real-Time Computing Systems, Predictable Scheduling Algorithms and Applications},
publisher = {Kuwer Academic Publishers},
address = {Massachusetts},
year = 2001
}

@INBOOK{ Kamal,
author = {Raj Kamal}, 
title      = {Embedded Systems: Architecture, Programming and Design},
address = {New Delhi, India},
publisher = {Tata McGraw-Hill},
year = {2002},
chapter = {2}
}

@misc{Logamp,
title = {Integrated {DC} Logarithmic Amplifiers},
organization = {Dallas Semiconductor},
month = {November},
year = {2005},
howpublished ={Application Note },
}

@MISC{EnergyTrace,
title = {{C}ode {C}omposer {S}tudio v6.1 for {MSP}430, {U}ser's {G}uide },
organization = {Texas Instruments},
month = {March},
year = {2015},
howpublished ={Users Guide},
}

@misc{ULPAdvisor,
title = {{MSP}430 advanced power optimizations: {ULP} advisor and {E}nergy{T}race technology},
organization =  {Texas Instruments},
month = {June},
year = {2014},
howpublished ={Application Note },
}

@misc{EEMBC,
  title = {{ULPBENCH} An {EEMBC} Benchmark},
  howpublished = {\url{http://http://www.eembc.org/ulpbench/about.php}},
  note = {Accessed: 2015-04-14}
}

@ARTICLE{ ,
  AUTHOR = { },
  TITLE = { },
  JOURNAL = { },
  VOLUME = { },
  NUMBER = { },
  YEAR = { },
  PAGES = { },
}