@inproceedings{stewart10,  title={What is cyberinfrastructure},  author={Stewart, Craig A and Simms, Stephen and Plale, Beth and Link, Matthew and Hancock, David Y and Fox, Geoffrey C},  booktitle={Proceedings of the 38th annual ACM SIGUCCS fall conference: navigation and discovery},  pages={37--44},  year={2010},  organization={ACM}}@inproceedings{Ivester,	author={Mark Ivester and Alvin Lim},	year={2006},	title={Interactive and extensible framework for execution and monitoring of wireless sensor networks},	booktitle={2006 1st International Conference on Communication Systems Software {\&} Middleware},	publisher={IEEE},	pages={1-10}}@inproceedings{Hammoudeh,	author={Mohammad Hammoudeh and Sarah Mount and Omar Aldabbas and Martin Stanton},	year={2010},	title={Clinic: A Service Oriented Approach for Fault Tolerance in Wireless Sensor Networks},	booktitle={Sensor Technologies and Applications (SENSORCOMM), 2010 Fourth International Conference on},	publisher={IEEE},	pages={625-631}}@article{Levis,	author={Philip Levis and David Culler},	year={2002},	title={Maté: A tiny virtual machine for sensor networks},	journal={ACM Sigplan Notices},	volume={37},	number={10},	pages={85-95}}@article{Barr,	author={Rimon Barr and John C. Bicket and Daniel S. Dantas and Bowei Du and TW Kim and Bing Zhou and Emin Gün Sirer},	year={2002},	title={On the need for system-level support for ad hoc and sensor networks},	journal={ACM SIGOPS Operating Systems Review},	volume={36},	number={2},	pages={1-5}}@inproceedings{Flikkema,	author={Paul G. Flikkema and Kenji R. Yamamoto and Samuel Boegli and Christopher Porter and Paul Heinrich},	year={2012},	title={Towards Cyber-Eco Systems: Networked Sensing, Inference and Control for Distributed Ecological Experiments},	booktitle={Green Computing and Communications (GreenCom), 2012 IEEE International Conference on},	publisher={IEEE},	pages={372-381}}@inproceedings{Eronu,	author={Emmanuel Eronu and Sanjay Misra and Musa Aibinu},	year={2013},	title={Reconfiguration approaches in Wireless Sensor Network: Issues and challenges},	booktitle={2013 IEEE International Conference on Emerging {\&} Sustainable Technologies for Power {\&} ICT in a Developing Society (NIGERCON)},	publisher={IEEE},	pages={143-142}}@inproceedings{Reinhardt,	author={Andreas Reinhardt and Christian Renner},	year={2014},	title={Remote node reconfiguration in opportunistic data collection wireless sensor networks},	booktitle={World of Wireless, Mobile and Multimedia Networks (WoWMoM), 2014 IEEE 15th International Symposium on a},	publisher={IEEE},	pages={1-3}}@article{Diallo,	author={Ousmane Diallo and Joel JPC Rodrigues and Mbaye Sene and Jaime Lloret},	year={2015},	title={Distributed database management techniques for wireless sensor networks},	journal={IEEE Transactions on Parallel and Distributed Systems},	volume={26},	number={2},	pages={604-620}}@inproceedings{Chagas,	author={Luana Dantas Chagas and Eduardo Pereira Lima and Pedro Fernandes Ribeiro Neto},	year={2010},	title={Real-time databases techniques in wireless sensor networks},	booktitle={Networking and Services (ICNS), 2010 Sixth International Conference on},	publisher={IEEE},	pages={182-187}}@article{Madden,	author={Samuel Madden},	year={2010},	title={Database abstractions for managing sensor network data},	journal={Proceedings of the IEEE},	volume={98},	number={11},	pages={1879-1886}}@inproceedings{AbuHmed,	author={Tamer AbuHmed and Nandinbold Nyamaa and DaeHun Nyang},	year={2009},	title={Software-based remote code attestation in wireless sensor network},	booktitle={Global Telecommunications Conference, 2009. GLOBECOM 2009. IEEE},	publisher={IEEE},	pages={1-8}}@inproceedings{Antola,	author={Anna Antola and A. Lorenzo Mezzalira and Manuel Roveri},	year={2014},	title={GINGER: a minimizing-effects reprogramming paradigm for distributed sensor networks},	booktitle={Robotic and Sensors Environments (ROSE), 2014 IEEE International Symposium on},	publisher={IEEE},	pages={88-93}}@inproceedings{Caracas,	author={Alexandru Caracas and Thorsten Kramp and Michael Baentsch and Marcus Oestreicher and Thomas Eirich and Ivan Romanov},	year={2009},	title={Mote runner: A multi-language virtual machine for small embedded devices},	booktitle={Sensor Technologies and Applications, 2009. SENSORCOMM'09. Third International Conference on},	publisher={IEEE},	pages={117-125}}@inproceedings{Felice,	author={Paolino Di Felice and Massimo Ianni and Luigi Pomante},	year={2008},	title={A spatial extension of TinyDB for wireless sensor networks},	booktitle={Computers and Communications, 2008. ISCC 2008. IEEE Symposium on},	publisher={IEEE},	pages={1076-1082}}@article{Chen,	author={Daojing He and Chun Chen and Sammy Chan and Jiajun Bu},	year={2012},	title={SDRP: A secure and distributed reprogramming protocol for wireless sensor networks},	journal={IEEE Transactions on Industrial Electronics},	volume={59},	number={11},	pages={4155-4163}}@inproceedings{Hsieh,	author={Chih-Ming Hsieh and Zhonglei Wang and Jörg Henkel},	year={2012},	title={ECO/ee: Energy-aware Collaborative Organic execution environment for wireless sensor networks},	booktitle={2012 IEEE Wireless Communications and Networking Conference (WCNC)},	publisher={IEEE},	pages={1998-2002}}@inproceedings{Hsueh,	author={Chih-Hsiang Hsueh and Yi-Hsuan Tu and Yen-Chiu Li and Pai H. Chou},	year={2010},	title={EcoExec: An interactive execution framework for ultra compact wireless sensor nodes},	booktitle={2010 7th Annual IEEE Communications Society Conference on Sensor, Mesh and Ad Hoc Communications and Networks (SECON)},	publisher={IEEE},	pages={1-9}}@inproceedings{Hu,	author={Haifeng Hu and Jiefang He and Jiansheng Wu},	year={2015},	title={Distributed Processing of Approximate Range Queries in Wireless Sensor Networks},	booktitle={Parallel Architectures, Algorithms and Programming (PAAP), 2015 Seventh International Symposium on},	publisher={IEEE},	pages={45-51}}@article{Jardak,	author={Christine Jardak and Petri Mähönen and Janne Riihijärvi},	year={2014},	title={Spatial big data and wireless networks: experiences, applications, and research challenges},	journal={IEEE Network},	volume={28},	number={4},	pages={26-31}}@article{Jiang,	author={Lihong Jiang and Li Da Xu and Hongming Cai and Zuhai Jiang and Fenglin Bu and Boyi Xu},	year={2014},	title={An IoT-oriented data storage framework in cloud computing platform},	journal={IEEE Transactions on Industrial Informatics},	volume={10},	number={2},	pages={1443-1451}}@article{Kang,	author={Yong-Shin Kang and Il-Ha Park and Jongtae Rhee and Yong-Han Lee},	year={2016},	title={Mongodb-based repository design for iot-generated rfid/sensor big data},	journal={IEEE Sensors Journal},	volume={16},	number={2},	pages={485-497}}@inproceedings{Sarangi,	author={Sanat Sarangi and Subrat Kar},	year={2013},	title={A scriptable rapid application deployment framework for sensor networks},	booktitle={Advances in Computing, Communications and Informatics (ICACCI), 2013 International Conference on},	publisher={IEEE},	pages={1035-1040}}@inproceedings{Szczodrak,	author={Marcin Szczodrak and Omprakash Gnawali and Luca P. Carloni},	year={2013},	title={Dynamic reconfiguration of wireless sensor networks to support heterogeneous applications},	booktitle={2013 IEEE International Conference on Distributed Computing in Sensor Systems},	publisher={IEEE},	pages={52-61}}@inproceedings{Tompkins,	author={Reed Tompkins and Thomas B. Jones and Robert E. Nertney and Christopher E. Smith and Patricia Gilfeather-Crowley},	year={2011},	title={Reconfiguration and management in wireless sensor networks},	booktitle={Sensors Applications Symposium (SAS), 2011 IEEE},	publisher={IEEE},	pages={39-44}}@inproceedings{Vaidehi,	author={V. Vaidehi and D. Sharmila Devi},	year={2011},	title={Distributed database management and join of multiple data streams in wireless sensor network using querying techniques},	booktitle={Recent Trends in Information Technology (ICRTIT), 2011 International Conference on},	publisher={IEEE},	pages={583-588}}@inproceedings{Wilder,	author={Joel L. Wilder and Vladimir Uzelac and Aleksandar Milenkovic and Emil Jovanov},	year={2008},	title={Runtime hardware reconfiguration in wireless sensor networks},	booktitle={2008 40th Southeastern Symposium on System Theory (SSST)},	publisher={IEEE},	pages={154-158}}@misc{urma2014java,  title={Java 8 in Action},  author={Urma, Raoul-Gabriel and Fusco, Mario and Mycroft, Alan},  year={2014},  publisher={Manning Publications}}@misc{mosquitto,	author={},	title = {Mosquitto: An Open Source MQTT Broker},	howpublished = {\url{https://mosquitto.org/}},	year = {2012}}@book{rockoff2010language,  title={The language of SQL},  author={Rockoff, Larry},  year={2010},  publisher={Nelson Education}}@inproceedings{HunTruSta08,	Author = {Hunkeler, U. and Hong Linh Truong and Stanford-Clark, A.},	Booktitle = {3rd International Conference on Communication Systems Software and Middleware and Workshops (COMSWARE 2008) },	Date-Added = {2013-03-18 23:35:13 +0000},	Date-Modified = {2013-03-18 23:39:18 +0000},	Keywords = {middleware;queueing theory;transport protocols;wireless sensor networks;IBM wireless sensor networking testbed;MQTT-S;ZigBee-based network;battery-operated sensor/actuator device;data-centric communication;distributed computing;message queuing telemetry transport;publish/subscribe messaging system;publish/subscribe protocol;Actuators;Automation;Distributed computing;Laboratories;Sensor systems and applications;Telemetry;Testing;Transport protocols;Wireless application protocol;Wireless sensor networks},	Month = {January},	Pages = {791-798},	Title = {{MQTT-S} - A publish/subscribe protocol for Wireless Sensor Networks},	Year = {2008},	Bdsk-Url-1 = {http://dx.doi.org/10.1109/COMSWA.2008.4554519}}